@book{arel-bundock2021,
  title = {Analyse Causale et M{\'e}thodes Quantitatives},
  author = {{Arel-Bundock}, Vincent},
  year = {2021},
  publisher = {Les Presses de l'Universit{\'e} de Montr{\'e}al},
  address = {Montr{\'e}al}
}
